@Book{cervantesQuijote,
 author = {Cervantes, Miguel},
 title = {Don Quijote de la Mancha},
 publisher = {Real Academia Española Asociación de Academias de la Lengua Española Penguin Random House Grupo Editorial},
 year = {2015},
 address = {Barcelona},
 isbn = {9788420412146}
}

@Book{machadoAntologia,
 author = {Machado, Manuel},
 title = {Antología poética},
 publisher = {Anaya},
 year = {2020},
 address = {Madrid},
 isbn = {9788469866160}
}
