

@unpublished{ManualLatexWikilibros,
        author = "Wikilibros contributors",
        title = "Manual de LaTeX/ Inserción de figuras externas",
        note = "Wikilibros (2020), publicado en
        \href{https://es.wikibooks.org/w/index.php?title=Manual_de_LaTeX/Inserci%C3%B3n_de_figuras_externas&oldid=369900}{wikibooks.org}",
        year = "2019"
}



@unpublished{ManualImportingGraphics,
        author = "Wikibooks contributors",
        title = "LaTeX/Importing Graphics",
        note = "Wikibooks, The Free Textbook Project. (2020), publicado en
        \href{ https://en.wikibooks.org/w/index.php?title=LaTeX/Importing_Graphics&oldid=3675721}{wikibooks.org}",
        year = "2020"
}

@unpublished{DocGraphicx,
        author = "D.P. Carlisle, S.P.Q. Rahtz",
        title = "The graphicx package",
        note = "preprint (2020), publicado en
        \href{http://texdoc.net/texmf-dist/doc/latex/graphics/graphicx.pdf}{texdoc.net}",
        year = "2017"
}

@unpublished{wrapfigure,
        author = "D. Arseneau",
        title = "The wrapfig package",
        note = "preprint (2020), publicado en
        \href{https://www.ctan.org/pkg/wrapfig}{ctan.org}",
        year = "2003"
}

@unpublished{pdfpages,
        author = "A. Matthias",
        title = "pdfpages – Include PDF documents in LATEX",
        note = "preprint (2020), publicado en
        \href{https://www.ctan.org/pkg/pdfpages}{ctan.org}",
        year = "2020"
}

@unpublished{Chemical,
        author = "Wikibooks contributors",
        title = "LaTeX/Chemical Graphics",
        note = "Wikibooks, The Free Textbook Project (2020), publicado en
        \href{ https://en.wikibooks.org/w/index.php?title=LaTeX/Chemical_Graphics&oldid=3684470}{wikibooks.org}",
        year = "2020"
}